@inproceedings{johansson2013evolved,
  title={Evolved decision trees as conformal predictors},
  author={Johansson, Ulf and K{\"o}nig, Rikard and L{\"o}fstr{\"o}m, Tuve and Bostr{\"o}m, Henrik},
  booktitle={2013 IEEE Congress on Evolutionary Computation},
  pages={1794--1801},
  year={2013},
  organization={IEEE}
}

@article{vanderlooy2006analysis,
  title={An analysis of reliable classifiers through ROC isometrics},
  author={Vanderlooy, Stijn and Sprinkhuizen-Kuyper, Ida G and Smirnov, Evgueni N},
  journal={ROC Analysis in Machine Learning},
  year={2006},
  publisher={Citeseer}
}

@article{toccaceli2022introduction,
  title={Introduction to conformal predictors},
  author={Toccaceli, Paolo},
  journal={Pattern Recognition},
  volume={124},
  pages={108507},
  year={2022},
  publisher={Elsevier}
}
@inproceedings{cherubin2021exact,
  title={Exact optimization of conformal predictors via incremental and decremental learning},
  author={Cherubin, Giovanni and Chatzikokolakis, Konstantinos and Jaggi, Martin},
  booktitle={International Conference on Machine Learning},
  pages={1836--1845},
  year={2021},
  organization={PMLR}
}
@article{lei2019fast,
  title={Fast exact conformalization of the lasso using piecewise linear homotopy},
  author={Lei, Jing},
  journal={Biometrika},
  volume={106},
  number={4},
  pages={749--764},
  year={2019},
  publisher={Oxford University Press}
}
@article{vovk2015cross,
  title={Cross-conformal predictors},
  author={Vovk, Vladimir},
  journal={Annals of Mathematics and Artificial Intelligence},
  volume={74},
  pages={9--28},
  year={2015},
  publisher={Springer}
}

@book{vovk2005algorithmic,
  title={Algorithmic learning in a random world},
  author={Vovk, Vladimir and Gammerman, Alexander and Shafer, Glenn},
  volume={29},
  year={2005},
  publisher={Springer}
}

@inproceedings{cherubin2016hidden,
  title={Hidden markov models with confidence},
  author={Cherubin, Giovanni and Nouretdinov, Ilia},
  booktitle={Symposium on Conformal and Probabilistic Prediction with Applications},
  pages={128--144},
  year={2016},
  organization={Springer}
}

@article{hilden1984statistical,
  title={Statistical diagnosis based on conditional independence does not require it},
  author={Hilden, J{\o}rgen},
  journal={Computers in biology and medicine},
  volume={14},
  number={4},
  pages={429--435},
  year={1984},
  publisher={Elsevier}
}

@inproceedings{langley1992analysis,
  title={An analysis of Bayesian classifiers},
  author={Langley, Pat and Iba, Wayne and Thompson, Kevin and others},
  booktitle={Aaai},
  volume={90},
  pages={223--228},
  year={1992},
  organization={Citeseer}
}

@book{hellerstein2000recognizing,
  title={Recognizing end-user transactions in performance management},
  author={Hellerstein, Joseph L and Jayram, TS and Rish, Irina and others},
  year={2000},
  publisher={IBM Thomas J. Watson Research Division Hawthorne, NY}
}

@article{mitchell1997artificial,
  title={Artificial neural networks},
  author={Mitchell, Tom M},
  journal={Machine learning},
  volume={45},
  number={81},
  pages={127},
  year={1997},
  publisher={Boston, MA: McGraw-Hill}
}


@article{domingos1997optimality,
  title={On the optimality of the simple Bayesian classifier under zero-one loss},
  author={Domingos, Pedro and Pazzani, Michael},
  journal={Machine learning},
  volume={29},
  pages={103--130},
  year={1997},
  publisher={Springer}
}

@article{lei2019fast,
  title={Fast exact conformalization of the lasso using piecewise linear homotopy},
  author={Lei, Jing},
  journal={Biometrika},
  volume={106},
  number={4},
  pages={749--764},
  year={2019},
  publisher={Oxford University Press}
}

@inproceedings{vovk2003testing,
  title={Testing exchangeability on-line},
  author={Vovk, Vladimir and Nouretdinov, Ilia and Gammerman, Alexander},
  booktitle={Proceedings of the 20th International Conference on Machine Learning (ICML-03)},
  pages={768--775},
  year={2003}
}

@inproceedings{cherubin2015conformal,
  title={Conformal clustering and its application to botnet traffic},
  author={Cherubin, Giovanni and Nouretdinov, Ilia and Gammerman, Alexander and Jordaney, Roberto and Wang, Zhi and Papini, Davide and Cavallaro, Lorenzo},
  booktitle={Statistical Learning and Data Sciences: Third International Symposium, SLDS 2015, Egham, UK, April 20-23, 2015, Proceedings 3},
  pages={313--322},
  year={2015},
  organization={Springer}
}

@inproceedings{laxhammar2010conformal,
  title={Conformal prediction for distribution-independent anomaly detection in streaming vessel data},
  author={Laxhammar, Rikard and Falkman, G{\"o}ran},
  booktitle={Proceedings of the first international workshop on novel data stream pattern mining techniques},
  pages={47--55},
  year={2010}
}

@inproceedings{vovk2012conditional,
  title={Conditional validity of inductive conformal predictors},
  author={Vovk, Vladimir},
  booktitle={Asian conference on machine learning},
  pages={475--490},
  year={2012},
  organization={PMLR}
}

@inproceedings{nouretdinov2001ridge,
  title={Ridge regression confidence machine},
  author={Nouretdinov, Ilia and Melluish, Thomas and Vovk, Volodya},
  booktitle={ICML},
  pages={385--392},
  year={2001},
  organization={Citeseer}
}

@article{jung2021clustering,
  title={Clustering on the torus by conformal prediction},
  author={Jung, Sungkyu and Park, Kiho and Kim, Byungwon},
  journal={The Annals of Applied Statistics},
  volume={15},
  number={4},
  pages={1583--1603},
  year={2021},
  publisher={Institute of Mathematical Statistics}
}

@inproceedings{papadopoulos2002inductive,
  title={Inductive confidence machines for regression},
  author={Papadopoulos, Harris and Proedrou, Kostas and Vovk, Volodya and Gammerman, Alex},
  booktitle={Machine Learning: ECML 2002: 13th European Conference on Machine Learning Helsinki, Finland, August 19--23, 2002 Proceedings 13},
  pages={345--356},
  year={2002},
  organization={Springer}
}

@article{barber2021predictive,
  title={Predictive inference with the jackknife+},
  author={Barber, Rina Foygel and Candes, Emmanuel J and Ramdas, Aaditya and Tibshirani, Ryan J},
  year={2021}
}
@article{fisher1936iris,
  title={Iris data set},
  author={Fisher, Ronald A and Marshall, Michael},
  journal={RA Fisher, UC Irvine Machine Learning Repository},
  volume={440},
  pages={87},
  year={1936}
}